
@misc{The_SpartanMC_Project,
title = {The SpartanMC Project},
url = {http://www.spartanmc.de}
}

@misc{CETUS,
title = {Cetus - A Source-to-Source Compiler Infrastructure for C Programs},
url = {https://engineering.purdue.edu/Cetus/}
}

@MastersThesis{WeberThesis,
type = {Masterthesis},
author     =     {Jan Weber},
title     =     {{Design und Implementierung eines parallelisierenden Source-to-Source-Compilers für SpartanMC}},
school     =     {Technische Universität Darmstadt},
year     =     {2015},
}

@misc{MBREF,
title = {MicroBlaze Processor Reference Guide - Embedded Development Kit EDK 14.7},
url = {https://www.xilinx.com/support/documentation/sw_manuals/xilinx14_7/mb_ref_guide.pdf}
}

@misc{MBTOOLS,
title = {EDK Concepts, Tools and Techniques - A Hands-On Guide to Effective Embedded System Design},
url = {https://www.xilinx.com/support/documentation/sw_manuals/xilinx14_7/edk_ctt.pdf}
}

@misc{FSL_CORE,
title = {LogiCORE IP Fast Simplex Link (FSL) V20 Bus (v2.11f)},
url = {https://www.xilinx.com/support/documentation/ip_documentation/fsl_v20/v2_11_f/fsl_v20.pdf}
}

@misc{DATA2MEM,
title = {Data2MEM User Guide},
url = {https://www.xilinx.com/support/documentation/sw_manuals/xilinx14_7/data2mem.pdf}
}

@misc{MCS,
title = {MicroBlaze Micro Controller System},
url = {https://www.xilinx.com/products/design-tools/mb-mcs.html}
}


@misc{MGNU,
title = {Embedded System Tools Reference Manual},
url = {https://www.xilinx.com/support/documentation/sw_manuals/xilinx14_7/est_rm.pdf}
}